@online{openmoc,
author = {{MIT CRPG}},
title  = {Open{M}{O}{C} website: Eigenvalue {C}alculations},
date   = {2023-01},
url    = {https://mit-crpg.github.io/OpenMOC/methods/eigenvalue_calculations.html}
}
@article{Gaston2021,
author = {D.R. Gaston and Benoit Forget and Kord S. Smith and Logan H. Harbour and Gavin K. Ridley and Guillaume G. Giudicelli},
title = {Method of {C}haracteristics for 3{D}, {F}ull-{C}ore {N}eutron {T}ransport on {U}nstructured {M}esh},
journal = {Nuclear Technology},
volume = {207},
number = {7},
pages = {931-953},
year  = {2021},
publisher = {Taylor & Francis},
}
@book{Bell,
   author = {G.I. Bell and S. Glasstone},
   city = {Washington, DC},
   publisher = {US Atomic Energy Commission},
   title = {Nuclear {R}eactor {T}heory},
   year = {1970},
}
@book{Duderstadt,
   author = {J.J. Duderstadt and L.J. Hamilton},
   city = {New York},
   publisher = {John Wiley and Sons, Inc.},
   title = {Nuclear {R}eactor {A}nalysis},
   year = {1976},
}
@book{Lux,
   author = {I. Lux and L. Koblinger},
   publisher = {CRC Press},
   title = {Monte {C}arlo {P}article {T}ransport {M}ethods},
   year = {1991},
}
@article{Tramm2017,
   author = {J.R. Tramm and K.S. Smith and B. Forget and A.R. Siegel},
   journal = {Journal of Computational Physics},
   keywords = {High performance computing,Method of characteristics,Neutron transport,Reactor simulation,Stochastic methods},
   month = {8},
   pages = {229-252},
   title = {The {R}andom {R}ay {M}ethod for neutral particle transport},
   volume = {342},
   year = {2017},
}